<?xml version="1.0" encoding="UTF-8"?>
<collection
  xmlns:xsi="http://www.w3.org/2001/XMLSchema-instance"
  xsi:schemaLocation="http://www.loc.gov/MARC21/slim http://www.loc.gov/standards/marcxml/schema/MARC21slim.xsd"
  xmlns="http://www.loc.gov/MARC21/slim">

<record>
  <leader>00836nam0 22002291i 4500</leader>
  <controlfield tag="001">32753</controlfield>
  <datafield tag="035" ind1=" " ind2=" ">
    <subfield code="a">PRYTANEE-7845</subfield>
  </datafield>
  <datafield tag="090" ind1=" " ind2=" ">
    <subfield code="a">32753</subfield>
  </datafield>
  <datafield tag="099" ind1=" " ind2=" ">
    <subfield code="t">OUVRAGE</subfield>
    <subfield code="c">2019-10-21</subfield>
  </datafield>
  <datafield tag="100" ind1=" " ind2=" ">
    <subfield code="a">20130403d1973         frey50        </subfield>
  </datafield>
  <datafield tag="200" ind1="1" ind2=" ">
    <subfield code="a">Quand la Chine s'éveillera</subfield>
    <subfield code="e">le monde trembleraregards sur la voie chinoise / Alain Peyrefitte</subfield>
  </datafield>
  <datafield tag="101" ind1="0" ind2=" ">
    <subfield code="a">fre</subfield>
  </datafield>
  <datafield tag="215" ind1=" " ind2=" ">
    <subfield code="a">1 vol. XX-496-[24] p. de pl.</subfield>
    <subfield code="c">ill., couv. ill. en coul.</subfield>
    <subfield code="d">25 cm</subfield>
  </datafield>
  <datafield tag="319" ind1=" " ind2=" ">
    <subfield code="a">Aucun droit spécifique</subfield>
  </datafield>
  <datafield tag="610" ind1=" " ind2=" ">
    <subfield code="a">Communisme Chine 1949-1976</subfield>
  </datafield>
  <datafield tag="669" ind1=" " ind2="1">
    <subfield code="a">Histoire générale de l Asie Orient Extrême Orient</subfield>
  </datafield>
  <datafield tag="700" ind1=" " ind2="1">
    <subfield code="9">10906</subfield>
    <subfield code="4">070</subfield>
    <subfield code="a">Peyrefitte</subfield>
    <subfield code="b">Alain</subfield>
    <subfield code="f">1925-1999</subfield>
  </datafield>
  <datafield tag="702" ind1=" " ind2="1">
    <subfield code="9">23377</subfield>
    <subfield code="4">600</subfield>
    <subfield code="a">Riboud</subfield>
    <subfield code="b">Marc</subfield>
    <subfield code="f">1923-....</subfield>
  </datafield>
  <datafield tag="102" ind1=" " ind2=" ">
    <subfield code="a">FR</subfield>
  </datafield>
  <datafield tag="210" ind1=" " ind2=" ">
    <subfield code="a">Paris</subfield>
    <subfield code="b">18-20, rue du Saint-Gothard


Paris
France</subfield>
    <subfield code="c">A. Fayard</subfield>
    <subfield code="d">1973</subfield>
    <subfield code="z">France</subfield>
  </datafield>
  <datafield tag="676" ind1=" " ind2=" ">
    <subfield code="a">951.05</subfield>
  </datafield>
  <datafield tag="801" ind1=" " ind2=" ">
    <subfield code="a">FR</subfield>
    <subfield code="b">Bibliothèque du Prytanée</subfield>
  </datafield>
  <datafield tag="995" ind1=" " ind2=" ">
    <subfield code="1">0</subfield>
    <subfield code="2">0</subfield>
    <subfield code="3">0</subfield>
    <subfield code="5">2013-04-04</subfield>
    <subfield code="9">35634</subfield>
    <subfield code="b">PRYTANEE</subfield>
    <subfield code="c">PRYTANEE</subfield>
    <subfield code="e">CDIHENRIIV</subfield>
    <subfield code="f">8946</subfield>
    <subfield code="h">DOC</subfield>
    <subfield code="i">2019-10-21</subfield>
    <subfield code="k">951.05 PEY</subfield>
    <subfield code="o">0</subfield>
    <subfield code="r">EMPRUNT</subfield>
    <subfield code="s">951_050000000000000_PEY</subfield>
    <subfield code="y">2019-10-21</subfield>
  </datafield>
</record>